<?xml version="1.0" encoding="UTF-8"?><collection xmlns="http://www.loc.gov/MARC21/slim"><record><leader>00576nam--2200181-u-4500</leader><controlfield tag="001">000053503</controlfield><controlfield tag="002">20161230</controlfield><controlfield tag="005">20161230201051</controlfield><controlfield tag="008">110408s1000------------r-----000-0-rum-d</controlfield><datafield ind1=" " ind2=" " tag="040"><subfield code="a">IFIN-HH</subfield></datafield><datafield ind1=" " ind2=" " tag="041"><subfield code="a">rum</subfield></datafield><datafield ind1=" " ind2=" " tag="080"><subfield code="a">550.34.03:004.624(043.2)</subfield></datafield><datafield ind1="1" ind2=" " tag="100"><subfield code="a">Ionica, Florin</subfield></datafield><datafield ind1="1" ind2="0" tag="245"><subfield code="a">Transmisia datelor seismice utilizand ca supot liniile electrice de inalta si joasa tensiune prin intermediul undelor purtatore (power line carriers)</subfield><subfield code="b">Teza</subfield><subfield code="c">Florin ionica</subfield></datafield><datafield ind1=" " ind2=" " tag="260"><subfield code="a">Bucuresti</subfield><subfield code="b">Ifa</subfield><subfield code="c">2005</subfield></datafield><datafield ind1=" " ind2=" " tag="300"><subfield code="a">96P</subfield></datafield><datafield ind1=" " ind2=" " tag="852"><subfield code="a">81635</subfield><subfield code="c">550.3</subfield></datafield><datafield ind1=" " ind2=" " tag="CAT"><subfield code="a">Sys</subfield><subfield code="c">20110408</subfield><subfield code="h">115844</subfield></datafield></record></collection>